<record><leader>00000cas a22000007a 4500</leader><controlfield tag="001">13025595</controlfield><controlfield tag="008">860115d19431958ksuwr ne      0    0eng d</controlfield><datafield ind1=" " ind2=" " tag="010"><subfield code="a">sn 85066898 </subfield></datafield><datafield ind1=" " ind2=" " tag="040"><subfield code="a">KSH</subfield><subfield code="b">eng</subfield><subfield code="c">KSH</subfield><subfield code="d">NPT</subfield><subfield code="d">CRL</subfield><subfield code="d">OCLCQ</subfield><subfield code="d">OCLCF</subfield><subfield code="d">OCLCO</subfield></datafield><datafield ind1="1" ind2=" " tag="029"><subfield code="a">AU@</subfield><subfield code="b">000024689162</subfield></datafield><datafield ind1=" " ind2=" " tag="042"><subfield code="a">msc</subfield></datafield><datafield ind1=" " ind2=" " tag="043"><subfield code="a">n-us-ks</subfield></datafield><datafield ind1="0" ind2="4" tag="245"><subfield code="a">The Kansas City labor bulletin.</subfield></datafield><datafield ind1=" " ind2=" " tag="260"><subfield code="a">Kansas City, Kan. :</subfield><subfield code="b">[George J. Harrison,</subfield><subfield code="c">1943]-</subfield></datafield><datafield ind1=" " ind2=" " tag="300"><subfield code="a">v. :</subfield><subfield code="b">ill. ;</subfield><subfield code="c">32-40 cm.</subfield></datafield><datafield ind1=" " ind2=" " tag="310"><subfield code="a">Weekly</subfield></datafield><datafield ind1="0" ind2=" " tag="362"><subfield code="a">Vol. 25, no. 31 (Oct 8, 1943)-</subfield></datafield><datafield ind1="1" ind2=" " tag="362"><subfield code="a">Ceased with Aug. 15, 1958 issue?</subfield></datafield><datafield ind1=" " ind2=" " tag="530"><subfield code="a">Also issued on microfilm from UMI.</subfield></datafield><datafield ind1=" " ind2=" " tag="550"><subfield code="a">Issued by: Central Labor Union in Kansas City, Kan.; Central Labor Union in Kansas City, Mo.; Building and Construction Trades Council of Greater Kansas Cities and Metropolitan area, Oct. 8, 1943-&lt;Dec. 31, 1948&gt;</subfield></datafield><datafield ind1=" " ind2=" " tag="550"><subfield code="a">"Official publication of the Kansas State Federation of Labor"; "Official American Federation of Labor weekly", Apr. 26, 1946-&lt;Dec. 31, 1948&gt;</subfield></datafield><datafield ind1=" " ind2=" " tag="588"><subfield code="a">Latest issue consulted: Vol. 30, no. 43 (Dec. 31, 1948).</subfield></datafield><datafield ind1=" " ind2="0" tag="650"><subfield code="a">Labor</subfield><subfield code="z">Kansas</subfield><subfield code="v">Newspapers.</subfield></datafield><datafield ind1=" " ind2="0" tag="650"><subfield code="a">Labor</subfield><subfield code="z">Missouri</subfield><subfield code="v">Newspapers.</subfield></datafield><datafield ind1=" " ind2="0" tag="651"><subfield code="a">Kansas City (Kan.)</subfield><subfield code="v">Newspapers.</subfield></datafield><datafield ind1=" " ind2="7" tag="655"><subfield code="a">Newspapers.</subfield><subfield code="2">fast</subfield><subfield code="0">(OCoLC)fst01423814</subfield></datafield><datafield ind1=" " ind2="7" tag="650"><subfield code="a">Labor.</subfield><subfield code="2">fast</subfield><subfield code="0">(OCoLC)fst00989798</subfield></datafield><datafield ind1=" " ind2="7" tag="651"><subfield code="a">Kansas.</subfield><subfield code="2">fast</subfield><subfield code="0">(OCoLC)fst01204323</subfield></datafield><datafield ind1=" " ind2="7" tag="651"><subfield code="a">Kansas</subfield><subfield code="z">Kansas City.</subfield><subfield code="2">fast</subfield><subfield code="0">(OCoLC)fst01214045</subfield></datafield><datafield ind1=" " ind2="7" tag="651"><subfield code="a">Missouri.</subfield><subfield code="2">fast</subfield><subfield code="0">(OCoLC)fst01204724</subfield></datafield><datafield ind1="2" ind2=" " tag="710"><subfield code="a">Central Labor Union of Kansas City, Kansas.</subfield></datafield><datafield ind1="2" ind2=" " tag="710"><subfield code="a">Central Labor Union in Kansas City, Mo.</subfield></datafield><datafield ind1="2" ind2=" " tag="710"><subfield code="a">Building and Construction Trades Council of Greater Kansas Cities and Metropolitan Area.</subfield></datafield><datafield ind1="2" ind2=" " tag="710"><subfield code="a">Kansas State Federation of Labor.</subfield></datafield><datafield ind1="2" ind2=" " tag="710"><subfield code="a">American Federation of Labor.</subfield></datafield><datafield ind1=" " ind2=" " tag="752"><subfield code="a">United States</subfield><subfield code="b">Kansas</subfield><subfield code="c">Wyandotte</subfield><subfield code="d">Kansas City.</subfield></datafield><datafield ind1="0" ind2="0" tag="780"><subfield code="t">Labor bulletin (Kansas City, Kan.)</subfield><subfield code="w">(DLC)sn 85032344</subfield><subfield code="w">(OCoLC)13025559</subfield></datafield></record>